<marc:record>
<marc:leader>03254cam a2200601 i 4500</marc:leader>
<marc:controlfield tag="001">341433</marc:controlfield>
<marc:controlfield tag="005">20130402173100.0</marc:controlfield>
<marc:controlfield tag="008">940209s1770    ie            000 1 eng d</marc:controlfield>
<marc:datafield ind1=" " ind2=" " tag="035">
<marc:subfield code="a">(PUVoyagerBIBID)1800040</marc:subfield>
</marc:datafield>
<marc:datafield ind1=" " ind2=" " tag="035">
<marc:subfield code="a">(CStRLIN)PAUGEAX5549-B</marc:subfield>
</marc:datafield>
<marc:datafield ind1=" " ind2=" " tag="035">
<marc:subfield code="a">(MediadbVoyBIBID)341433</marc:subfield>
</marc:datafield>
<marc:datafield ind1=" " ind2=" " tag="035">
<marc:subfield code="9">EAX5549</marc:subfield>
</marc:datafield>
<marc:datafield ind1=" " ind2=" " tag="035">
<marc:subfield code="a">(END)sm_pr3991_a1_f396_1770_v1</marc:subfield>
</marc:datafield>
<marc:datafield ind1=" " ind2=" " tag="035">
<marc:subfield code="a">(END)sm_pr3991_a1_f396_1770_v2</marc:subfield>
</marc:datafield>
<marc:datafield ind1=" " ind2=" " tag="040">
<marc:subfield code="a">PU</marc:subfield>
<marc:subfield code="c">PU</marc:subfield>
</marc:datafield>
<marc:datafield ind1=" " ind2=" " tag="090">
<marc:subfield code="f">h</marc:subfield>
<marc:subfield code="n">\\\\jl\\\\</marc:subfield>
</marc:datafield>
<marc:datafield ind1="0" ind2="0" tag="245">
<marc:subfield code="a">Female friendship, or The innocent sufferer :</marc:subfield>
<marc:subfield code="b">a moral novel.</marc:subfield>
</marc:datafield>
<marc:datafield ind1=" " ind2=" " tag="246">
<marc:subfield code="a">Female friendship: or the innocent sufferer. A moral novel. Volume the first.</marc:subfield>
<marc:subfield code="d">Letter-press</marc:subfield>
<marc:subfield code="x">Volume</marc:subfield>
<marc:subfield code="g">Full</marc:subfield>
<marc:subfield code="v">v.1</marc:subfield>
</marc:datafield>
<marc:datafield ind1=" " ind2=" " tag="246">
<marc:subfield code="a">Female friendship: or the innocent sufferer. A moral novel. Volume the second.</marc:subfield>
<marc:subfield code="d">Letter-press</marc:subfield>
<marc:subfield code="x">Volume</marc:subfield>
<marc:subfield code="g">Full</marc:subfield>
<marc:subfield code="v">v.2</marc:subfield>
</marc:datafield>
<marc:datafield ind1="0" ind2="7" tag="246">
<marc:subfield code="a">A moral novel.</marc:subfield>
<marc:subfield code="x">""A moral novel"" (recto and verso)</marc:subfield>
<marc:subfield code="v">v.1</marc:subfield>
<marc:subfield code="v">v.2"</marc:subfield>
</marc:datafield>
<marc:datafield ind1=" " ind2=" " tag="260">
<marc:subfield code="a">Dublin</marc:subfield>
<marc:subfield code="b">Dublin: printed for J. Williams, J. Porter and T. Walker</marc:subfield>
<marc:subfield code="c">MDCCLXX.</marc:subfield>
<marc:subfield code="v">v.1</marc:subfield>
<marc:subfield code="v">v.2</marc:subfield>
<marc:subfield code="a">[Dublin]</marc:subfield>
</marc:datafield>
<marc:datafield ind1=" " ind2=" " tag="300">
<marc:subfield code="a">2 v. ;</marc:subfield>
<marc:subfield code="c">18 cm.</marc:subfield>
<marc:subfield code="x">Duodecimo</marc:subfield>
<marc:subfield code="a">[2 v.]</marc:subfield>
</marc:datafield>
<marc:datafield ind1=" " ind2=" " tag="500">
<marc:subfield code="a">Paged continuously; volumes bound together.</marc:subfield>
</marc:datafield>
<marc:datafield ind1="4" ind2=" " tag="510">
<marc:subfield code="a">ESTC (RLIN)</marc:subfield>
<marc:subfield code="c">N9756</marc:subfield>
</marc:datafield>
<marc:datafield ind1="4" ind2=" " tag="510">
<marc:subfield code="a">English novel, 1770-1829,</marc:subfield>
<marc:subfield code="c">1770:4</marc:subfield>
</marc:datafield>
<marc:datafield ind1="4" ind2=" " tag="510">
<marc:subfield code="a">Block, A. Engl. novel (2nd ed.)</marc:subfield>
<marc:subfield code="c">p.73.</marc:subfield>
</marc:datafield>
<marc:datafield ind1=" " ind2=" " tag="520">
<marc:subfield code="a">Introduction</marc:subfield>
<marc:subfield code="b">Introduction.</marc:subfield>
<marc:subfield code="c">Front</marc:subfield>
<marc:subfield code="v">v.1</marc:subfield>
<marc:subfield code="x">Authentic authorial</marc:subfield>
<marc:subfield code="x">""A large majority, especially of the fair sex, have not time nor talents for the investigation of abstract principles in moral and social life; wherefore a lighter kind of study is essential: and even the greatest proselytes of profound speculation, may unbend their minds, by perusal of a well pen'd novel.""</marc:subfield>
<marc:subfield code="x">Reference to author as ""he."</marc:subfield>
</marc:datafield>
<marc:datafield ind1=" " ind2=" " tag="520">
<marc:subfield code="a">Footnote</marc:subfield>
<marc:subfield code="c">Middle</marc:subfield>
<marc:subfield code="x">p.61</marc:subfield>
<marc:subfield code="v">v.1</marc:subfield>
</marc:datafield>
<marc:datafield ind1=" " ind2=" " tag="591">
<marc:subfield code="a">Virtue alone is happiness below,---And our best knowledge is, ourselves to know.</marc:subfield>
<marc:subfield code="b">An Essay on Man</marc:subfield>
<marc:subfield code="c">Alexander Pope</marc:subfield>
<marc:subfield code="v">v.1</marc:subfield>
<marc:subfield code="v">v.2</marc:subfield>
</marc:datafield>
<marc:datafield ind1=" " ind2=" " tag="592">
<marc:subfield code="a">Epistolary</marc:subfield>
<marc:subfield code="b">Third-person</marc:subfield>
<marc:subfield code="c">Verse</marc:subfield>
</marc:datafield>
<marc:datafield ind1=" " ind2=" " tag="594">
<marc:subfield code="a">[Illegible name]</marc:subfield>
<marc:subfield code="b">Ink</marc:subfield>
<marc:subfield code="x">Title page</marc:subfield>
<marc:subfield code="v">v.1</marc:subfield>
</marc:datafield>
<marc:datafield ind1=" " ind2=" " tag="599">
<marc:subfield code="a">Author (text)</marc:subfield>
<marc:subfield code="b">Generic/Descriptive</marc:subfield>
<marc:subfield code="2">The author of what follows, hopes, as he does not lay in any peculiar claim to striking merit...</marc:subfield>
<marc:subfield code="3">Introduction</marc:subfield>
<marc:subfield code="5">Male</marc:subfield>
<marc:subfield code="6">Unknown</marc:subfield>
</marc:datafield>
<marc:datafield ind1=" " ind2="4" tag="650">
<marc:subfield code="a">CHR 1770</marc:subfield>
</marc:datafield>
<marc:datafield ind1=" " ind2=" " tag="700">
<marc:subfield code="a">Pope, Alexander</marc:subfield>
<marc:subfield code="d">1688-1744</marc:subfield>
<marc:subfield code="4">Author (epigraph)</marc:subfield>
<marc:subfield code="5">Authorized</marc:subfield>
</marc:datafield>
<marc:datafield ind1=" " ind2=" " tag="700">
<marc:subfield code="a">Williams, J.</marc:subfield>
<marc:subfield code="4">Printed for</marc:subfield>
<marc:subfield code="5">Unauthorized</marc:subfield>
</marc:datafield>
<marc:datafield ind1=" " ind2=" " tag="700">
<marc:subfield code="a">Porter, J.</marc:subfield>
<marc:subfield code="4">Printed for</marc:subfield>
<marc:subfield code="5">Unauthorized</marc:subfield>
</marc:datafield>
<marc:datafield ind1=" " ind2=" " tag="700">
<marc:subfield code="a">Walker, T.</marc:subfield>
<marc:subfield code="4">Printed for</marc:subfield>
<marc:subfield code="5">Unauthorized</marc:subfield>
</marc:datafield>
<marc:datafield ind1=" " ind2=" " tag="710">
<marc:subfield code="a">J. Williams, J. Porter, and T. Walker.</marc:subfield>
<marc:subfield code="4">Printed for</marc:subfield>
<marc:subfield code="5">Unauthorized</marc:subfield>
</marc:datafield>
<marc:datafield ind1="2" ind2=" " tag="710">
<marc:subfield code="a">Collection of British and American Fiction, 1660-1830 (University of Pennsylvania)</marc:subfield>
</marc:datafield>
<marc:datafield ind1="2" ind2=" " tag="710">
<marc:subfield code="a">Early Novels</marc:subfield>
<marc:subfield code="5">University of Pennsylvania</marc:subfield>
</marc:datafield>
<marc:datafield ind1="0" ind2="1" tag="740">
<marc:subfield code="a">Innocent sufferer.</marc:subfield>
</marc:datafield>
<marc:datafield ind1="0" ind2="1" tag="740">
<marc:subfield code="a">Female friendship.</marc:subfield>
</marc:datafield>
<marc:datafield ind1="0" ind2="1" tag="852">
<marc:subfield code="b">scsing</marc:subfield>
<marc:subfield code="t">1</marc:subfield>
<marc:subfield code="h">PR3991.A1</marc:subfield>
<marc:subfield code="i">F396 1770</marc:subfield>
<marc:subfield code="x">55-1724</marc:subfield>
<marc:subfield code="x">in 1</marc:subfield>
<marc:subfield code="x">recl. fr. EC75/A100/770f2b</marc:subfield>
</marc:datafield>
<marc:datafield ind1=" " ind2=" " tag="856">
<marc:subfield code="a">Illegible name on v.1 title page</marc:subfield>
<marc:subfield code="v">v.1</marc:subfield>
<marc:subfield code="z"/>
</marc:datafield>
<marc:datafield ind1="4" ind2="1" tag="866">
<marc:subfield code="8">0</marc:subfield>
<marc:subfield code="a">v.1-2</marc:subfield>
</marc:datafield>
<marc:datafield ind1=" " ind2=" " tag="948">
<marc:subfield code="a">jl</marc:subfield>
</marc:datafield>
<marc:datafield ind1=" " ind2=" " tag="950">
<marc:subfield code="l">RBC</marc:subfield>
<marc:subfield code="a">PR3991.A1</marc:subfield>
<marc:subfield code="b">F396 1770</marc:subfield>
<marc:subfield code="i">01/01/01 N</marc:subfield>
<marc:subfield code="x">010</marc:subfield>
</marc:datafield>
<marc:datafield ind1=" " ind2=" " tag="955">
<marc:subfield code="l">RBC</marc:subfield>
<marc:subfield code="c">1:v.1-2</marc:subfield>
<marc:subfield code="s">55-1724</marc:subfield>
<marc:subfield code="s">in 1</marc:subfield>
<marc:subfield code="s">recl. fr. EC75/A100/770f2b</marc:subfield>
</marc:datafield>
<marc:datafield ind1=" " ind2=" " tag="989">
<marc:subfield code="2">Introduction</marc:subfield>
<marc:subfield code="v">v.1</marc:subfield>
</marc:datafield>
<marc:datafield ind1=" " ind2=" " tag="989">
<marc:subfield code="2">Friendship</marc:subfield>
<marc:subfield code="2">Sufferer</marc:subfield>
<marc:subfield code="2">Novel</marc:subfield>
<marc:subfield code="2">Volume</marc:subfield>
<marc:subfield code="3">Female</marc:subfield>
<marc:subfield code="3">Innocent</marc:subfield>
<marc:subfield code="3">Moral</marc:subfield>
<marc:subfield code="3">First</marc:subfield>
<marc:subfield code="v">v.1</marc:subfield>
</marc:datafield>
<marc:datafield ind1=" " ind2=" " tag="989">
<marc:subfield code="2">Friendship</marc:subfield>
<marc:subfield code="2">Sufferer</marc:subfield>
<marc:subfield code="2">Novel</marc:subfield>
<marc:subfield code="2">Volume</marc:subfield>
<marc:subfield code="3">Female</marc:subfield>
<marc:subfield code="3">Innocent</marc:subfield>
<marc:subfield code="3">Moral</marc:subfield>
<marc:subfield code="3">Second</marc:subfield>
<marc:subfield code="v">v.2</marc:subfield>
</marc:datafield>
<marc:datafield ind1=" " ind2=" " tag="998">
<marc:subfield code="n">PU</marc:subfield>
<marc:subfield code="z">BNA</marc:subfield>
</marc:datafield>
<marc:datafield ind1=" " ind2=" " tag="999">
<marc:subfield code="a">AFD</marc:subfield>
<marc:subfield code="b">5/23/11</marc:subfield>
<marc:subfield code="c">Swarthmore College</marc:subfield>
</marc:datafield>
</marc:record>